@incollection{sep-turing-test,
	author = {Oppy, Graham and Dowe, David},
	title = {{The Turing Test}},
	booktitle = {The {Stanford} Encyclopedia of Philosophy},
	editor = {Edward N. Zalta},
	howpublished = {\url{
	                https://plato.stanford.edu/archives/win2021/entries/turing-test/
	                }},
	year = {2021},
	edition = {{W}inter 2021},
	publisher = {Metaphysics Research Lab, Stanford University},
}

@article{10.1093/mind/LIX.236.433,
	author = {TURING, A. M.},
	title = "{I.—COMPUTING MACHINERY AND INTELLIGENCE}",
	journal = {Mind},
	volume = {LIX},
	number = {236},
	pages = {433-460},
	year = {1950},
	month = {10},
	issn = {0026-4423},
	doi = {10.1093/mind/LIX.236.433},
	url = {https://doi.org/10.1093/mind/LIX.236.433},
	eprint = {
	          https://academic.oup.com/mind/article-pdf/LIX/236/433/30123314/lix-236-433.pdf
	          },
}

@misc{nlp,
	title = "What is natural language processing? [Электронный ресурс]",
	howpublished = "Режим доступа: \url{
	                https://www.ibm.com/topics/natural-language-processing}",
	notes = {Дата обращения: 01.04.2023},
}

@misc{acid,
	title = "ACID properties of transactions [Электронный ресурс]",
	howpublished = "Режим доступа: \url{
	                https://www.ibm.com/docs/en/cics-ts/5.4?topic=processing-acid-properties-transactions
	                }",
	notes = {Дата обращения: 01.04.2023},
}

@book{gdb-def,
	author = {Nikolaos G. Bourbakis},
	howpublished = {\url{
	                https://books.google.com/books?id=mV3wxKLHlnwC&q=%22gdb%22+%22graph+database%22&pg=PA381
	                }},
	title = {Artificial Intelligence and Automation},
	publisher = {World Scientific},
	year = {1998},
	isbn = {9789810226374},
	page = {381},
}

@article{graph-exp,
	title = {Use of graph database for the integration of heterogeneous biological
	         data},
	volume = {15},
	DOI = {10.5808/gi.2017.15.1.19},
	number = {1},
	journal = {Genomics \& Informatics},
	author = {Yoon, Byoung-Ha and Kim, Seon-Kyu and Kim, Seon-Young},
	year = {2017},
	month = {Mar},
	pages = {19–27},
}

@misc{lru,
	title = " LRU, метод вытеснения из кэша | Habr [Электронный ресурс]",
	howpublished = "Режим доступа: \url{https://habr.com/ru/post/136758/} (дата
	                обращения: 24.03.2023)",
}

@misc{oracle-company,
	title = "Oracle | Integrated Cloud Applications and Platform Services
	         [Электронный ресурс]",
	howpublished = "Режим доступа: \url{https://www.oracle.com/index.html} (дата
	                обращения: 24.03.2023)",
}

@misc{oracle-popular,
	title = "DB-Engines Ranking [Электронный ресурс]",
	howpublished = "Режим доступа: \url{https://db-engines.com/en/ranking} (дата
	                обращения: 24.03.2023)",
}

@misc{myisam,
	title = "MySQL Reference Manual 16.2: The MyISAM Storage Engine [Электронный
	         ресурс]",
	howpublished = "Режим доступа: \url{
	                https://dev.mysql.com/doc/refman/8.0/en/myisam-storage-engine.html
	                } (дата обращения: 03.04.2023)",
}

@misc{innodb,
	title = "MySQL Reference Manual 8.0: The InnoDB Storage Enginee [Электронный
	         ресурс]",
	howpublished = "Режим доступа: \url{
	                https://dev.mysql.com/doc/refman/8.0/en/innodb-storage-engine.html
	                } (дата обращения: 03.04.2023)",
}

@misc{php,
	title = "PHP: Hypertext Preprocessor [Электронный ресурс]",
	howpublished = "Режим доступа: \url{https://www.php.net/} (дата обращения:
	                03.04.2023)",
}

@misc{perl,
	title = " The Perl Programming Language [Электронный ресурс]",
	howpublished = "Режим доступа: \url{https://www.perl.org/} (дата обращения:
	                03.04.2023)",
}

@misc{tarantool,
	title = "Tarantool -- Платформа In-memory вычислений [Электронный ресурс]",
	howpublished = "Режим доступа: \url{https://www.tarantool.io/ru/} (дата
	                обращения: 03.04.2023)",
}

@misc{redis,
	title = "Redis is an open source (BSD licensed), in-memory data structure
	         store, used as a database, cache, and message broker [Электронный
	         ресурс]",
	howpublished = "Режим доступа: \url{https://redis.io/} (дата обращения:
	                05.04.2023)",
}

@misc{lua,
	title = "The Programming Language Lua [Электронный ресурс]",
	howpublished = "Режим доступа: \url{http://www.lua.org/} (дата обращения:
	                07.04.2023)",
}

@misc{master-slave,
	title = "Tech Confronts Its Use of the Labels <<Master>> and <<Slave>>
	         [Электронный ресурс]",
	howpublished = "Режим доступа: \url{
	                https://www.wired.com/story/tech-confronts-use-labels-master-slave/
	                } (дата обращения: 05.04.2023)",
}

@misc{master-master,
	title = "How To Set Up MySQL Master-Master Replication [Электронный ресурс]",
	howpublished = "Режим доступа: \url{
	                https://www.digitalocean.com/community/tutorials/how-to-set-up-mysql-master-master-replication
	                } (дата обращения: 05.04.2023)",
}

@misc{memtx-vinyl,
	title = "Движки базы данных | Tarantool [Электронный ресурс]",
	howpublished = "Режим доступа: \url{
	                https://www.tarantool.io/ru/doc/latest/book/box/engines/} (дата
	                обращения: 09.04.2023)",
}

@misc{nosql,
	title = "Что такое NoSQL? | Amazon AWS [Электронный ресурс]",
	howpublished = "Режим доступа: \url{https://aws.amazon.com/ru/nosql/} (дата
	                обращения: 09.04.2023)",
}
